%% This BibTeX bibliography file was created using BibDesk.
%% http://bibdesk.sourceforge.net/


%% Created for Pedro Borges at 2014-06-19 20:58:34 +0100 


%% Saved with string encoding Unicode (UTF-8) 



@article{Armstrong199269,
	Author = {J.Scott Armstrong and Fred Collopy},
	Date-Added = {2014-06-17 01:30:09 +0000},
	Date-Modified = {2014-06-17 01:30:09 +0000},
	Doi = {http://dx.doi.org/10.1016/0169-2070(92)90008-W},
	Issn = {0169-2070},
	Journal = {International Journal of Forecasting},
	Keywords = {Theil's U},
	Number = {1},
	Pages = {69 - 80},
	Title = {Error measures for generalizing about forecasting methods: Empirical comparisons},
	Url = {http://www.sciencedirect.com/science/article/pii/016920709290008W},
	Volume = {8},
	Year = {1992},
	Bdsk-Url-1 = {http://www.sciencedirect.com/science/article/pii/016920709290008W},
	Bdsk-Url-2 = {http://dx.doi.org/10.1016/0169-2070(92)90008-W}}

@article{Goodwin1999405,
	Author = {Paul Goodwin and Richard Lawton},
	Date-Added = {2014-06-16 23:37:40 +0000},
	Date-Modified = {2014-06-16 23:37:40 +0000},
	Doi = {http://dx.doi.org/10.1016/S0169-2070(99)00007-2},
	Issn = {0169-2070},
	Journal = {International Journal of Forecasting},
	Keywords = {Error measures},
	Number = {4},
	Pages = {405 - 408},
	Title = {On the asymmetry of the symmetric \{MAPE\}},
	Url = {http://www.sciencedirect.com/science/article/pii/S0169207099000072},
	Volume = {15},
	Year = {1999},
	Bdsk-Url-1 = {http://www.sciencedirect.com/science/article/pii/S0169207099000072},
	Bdsk-Url-2 = {http://dx.doi.org/10.1016/S0169-2070(99)00007-2}}

@article{RePEc:eee:intfor:v:9:y:1993:i:4:p:527-529,
	Abstract = {No abstract is available for this item.},
	Author = {Makridakis, Spyros},
	Date-Added = {2014-06-16 22:51:24 +0000},
	Date-Modified = {2014-06-16 22:51:24 +0000},
	Journal = {International Journal of Forecasting},
	Month = {December},
	Number = {4},
	Pages = {527-529},
	Title = {{Accuracy measures: theoretical and practical concerns}},
	Url = {http://ideas.repec.org/a/eee/intfor/v9y1993i4p527-529.html},
	Volume = {9},
	Year = 1993,
	Bdsk-Url-1 = {http://ideas.repec.org/a/eee/intfor/v9y1993i4p527-529.html}}

@incollection{Armstrong:2001fj,
	Author = {Armstrong, J.Scott},
	Booktitle = {Principles of Forecasting},
	Date-Added = {2014-06-16 22:23:01 +0000},
	Date-Modified = {2014-06-16 22:23:04 +0000},
	Doi = {10.1007/978-0-306-47630-3_20},
	Editor = {Armstrong, J.Scott},
	Isbn = {978-0-7923-7401-5},
	Keywords = {Backcasting; benchmarks; competing hypotheses; concurrent validity; construct validity; disconfirming evidence; domain knowledge; error measures; face validity; fit; jackknife validation; M-Competitions; outliers; predictive validity; replication; statistical significance; successive updating},
	Language = {English},
	Pages = {443-472},
	Publisher = {Springer US},
	Series = {International Series in Operations Research & Management Science},
	Title = {Evaluating Forecasting Methods},
	Url = {http://dx.doi.org/10.1007/978-0-306-47630-3_20},
	Volume = {30},
	Year = {2001},
	Bdsk-Url-1 = {http://dx.doi.org/10.1007/978-0-306-47630-3_20}}

@article{Hyndman2006679,
	Author = {Rob J. Hyndman and Anne B. Koehler},
	Date-Added = {2014-06-16 21:24:15 +0000},
	Date-Modified = {2014-06-16 21:24:15 +0000},
	Doi = {http://dx.doi.org/10.1016/j.ijforecast.2006.03.001},
	Issn = {0169-2070},
	Journal = {International Journal of Forecasting},
	Keywords = {Mean absolute scaled error},
	Number = {4},
	Pages = {679 - 688},
	Title = {Another look at measures of forecast accuracy},
	Url = {http://www.sciencedirect.com/science/article/pii/S0169207006000239},
	Volume = {22},
	Year = {2006},
	Bdsk-Url-1 = {http://www.sciencedirect.com/science/article/pii/S0169207006000239},
	Bdsk-Url-2 = {http://dx.doi.org/10.1016/j.ijforecast.2006.03.001}}

@book{box2013time,
	Author = {Box, George EP and Jenkins, Gwilym M and Reinsel, Gregory C},
	Date-Added = {2014-06-16 20:47:07 +0000},
	Date-Modified = {2014-06-16 20:47:07 +0000},
	Publisher = {John Wiley \& Sons},
	Title = {Time series analysis: forecasting and control},
	Year = {2013}}

@inproceedings{1578206,
	Author = {Chong Liu and Kui Wu and Min Tsao},
	Booktitle = {Global Telecommunications Conference, 2005. GLOBECOM '05. IEEE},
	Date-Added = {2014-06-16 20:35:58 +0000},
	Date-Modified = {2014-06-16 20:35:58 +0000},
	Doi = {10.1109/GLOCOM.2005.1578206},
	Keywords = {time series;wireless sensor networks;energy efficient information collection;energy saving;information collection scheme;parameter adjustment;redundant information;time series;wireless sensor networks;Computer science;Data communication;Electric shock;Energy efficiency;Humans;Intelligent networks;Predictive models;Sampling methods;Time series analysis;Wireless sensor networks},
	Month = {Dec},
	Pages = {5 pp.-2474},
	Title = {Energy efficient information collection with the ARIMA model in wireless sensor networks},
	Volume = {5},
	Year = {2005},
	Bdsk-Url-1 = {http://dx.doi.org/10.1109/GLOCOM.2005.1578206}}

@article{Sabry:2007kq,
	Author = {Sabry,M},
	Date-Added = {2014-06-16 17:50:02 +0000},
	Date-Modified = {2014-06-16 17:50:02 +0000},
	Isbn = {1991-8178},
	Journal = {Australian Journal of Basic and Applied Sciences},
	Number = {2},
	Pages = {126},
	Title = {Comparison between regression and ARIMA models in forecasting traffic volume},
	Ty = {JOUR},
	Url = {http://sfx.fe.up.pt/feup?sid=google&auinit=M&aulast=Sabry&atitle=Comparison%20between%20regression%20and%20ARIMA%20models%20in%20forecasting%20traffic%20volume&title=Australian%20Journal%20of%20Basic%20and%20Applied%20Sciences&volume=1&issue=2&date=2007&spage=126&issn=1991-8178},
	Volume = {1},
	Year = {2007},
	Bdsk-Url-1 = {http://sfx.fe.up.pt/feup?sid=google&auinit=M&aulast=Sabry&atitle=Comparison%20between%20regression%20and%20ARIMA%20models%20in%20forecasting%20traffic%20volume&title=Australian%20Journal%20of%20Basic%20and%20Applied%20Sciences&volume=1&issue=2&date=2007&spage=126&issn=1991-8178}}

@inproceedings{1716527,
	Author = {Walgampaya, C. and Kantardzic, M.},
	Booktitle = {Neural Networks, 2006. IJCNN '06. International Joint Conference on},
	Date-Added = {2014-06-16 17:19:56 +0000},
	Date-Modified = {2014-06-16 17:19:56 +0000},
	Doi = {10.1109/IJCNN.2006.247298},
	Keywords = {electricity supply industry;multilayer perceptrons;power plants;support vector machines;time series;wireless sensor networks;distributed sensors;energy production prediction system;energy trading;multilayer perceptron;multiple regression;multiple time series prediction;power plants;support vector machines;time series data;wireless sensors;Distributed power generation;Multilayer perceptrons;Power generation;Predictive models;Production systems;Sensor phenomena and characterization;Sensor systems;Support vector machines;Testing;Wireless sensor networks},
	Pages = {3152-3158},
	Title = {Selection of Distributed Sensors for Multiple Time Series Prediction},
	Year = {2006},
	Bdsk-Url-1 = {http://dx.doi.org/10.1109/IJCNN.2006.247298}}

@article{Pomirleanu2013,
	Author = {Pomirleanu, Nadia and Schibrowsky, John A. and Peltier, James and Nill, Alexander},
	Crossref = {http://www.emeraldinsight.com/journals.htm?articleid=17095213},
	Journal = {Journal of research in interactive marketing : interactive marketing and computer-mediated communication.},
	Title = {A review of internet marketing research over the past 20 years and future research direction},
	Year = {2013}}

@misc{Adfonic,
	Author = {Adfonic},
	Date-Modified = {2014-06-19 19:57:35 +0000},
	Howpublished = {{\url{http://adfonic.com/wp-content/uploads/2012/03/Adfonic_Global_AdMetrics_Q3_2013.pdf}}},
	Note = {Accessed last time on 10 Fev 2014},
	Owner = {pedroborges},
	Timestamp = {2014.02.05},
	Title = {Adfonic's Global AdMetrics Report for Q3 2013}}

@article{Andrea2004,
	Abstract = {The diffusion of the internet has substantially modified the advertising
	industry's business models. The method of selling advertising space
	on webpages is one of the most striking innovations. Advertisements
	and, in particular, banners, are sold through the traditional cost
	per impression, but also with methods based on a visitor taking some
	specifically defined action in response to an ad. This paper examines
	the pricing strategy of web publishers operating in a market where
	they are unable to influence the price of the advertisement (cost-per-impression
	and cost-per-action). The main finding is that the distribution of
	editorial revenues between pay-per-view and pay-per-click methods
	depends on the elasticity of access and actions with respect to the
	quantity of advertising. The theoretical result is important, since
	these parameters are usually available to permit a quick analysis
	of an online consumer's behaviour. [ABSTRACT FROM AUTHOR]},
	Author = {Andrea, Mang{\`a}ni},
	Issn = {14766930},
	Journal = {Journal of Revenue \& Pricing Management},
	Keywords = {INTERNET advertising, PRICING, WEBSITES, PUBLISHERS & publishing, CONSUMER behavior, ADVERTISING, banners, click-rate, click-through, internet advertising, pricing models, web publishers},
	Number = {4},
	Pages = {295 - 302},
	Title = {Online advertising: Pay-per-view versus pay-per-click.},
	Url = {http://search.ebscohost.com/login.aspx?direct=true&db=bth&AN=16808188&lang=pt-br&site=ehost-live},
	Volume = {2},
	Year = {2004},
	Bdsk-Url-1 = {http://search.ebscohost.com/login.aspx?direct=true&db=bth&AN=16808188&lang=pt-br&site=ehost-live}}

@misc{Anitha_anew,
	Author = {A. Anitha},
	Owner = {pedroborges},
	Timestamp = {2014.02.17},
	Title = {A New Web Usage Mining Approach for Next Page Access Prediction},
	Year = {2010}}

@inproceedings{1410804,
	Author = {Baraglia, R. and Silvestri, F.},
	Booktitle = {Web Intelligence, 2004. WI 2004. Proceedings. IEEE/WIC/ACM International Conference on},
	Doi = {10.1109/WI.2004.10158},
	Keywords = {Councils;Data mining;Delta modulation;Information science;Innovation management;Partitioning algorithms;Recommender systems;Technological innovation;Web mining;Web server},
	Month = {Sept},
	Pages = {199-205},
	Title = {An Online Recommender System for Large Web Sites},
	Year = {2004},
	Bdsk-Url-1 = {http://dx.doi.org/10.1109/WI.2004.10158}}

@article{Bennett03supportvector,
	Author = {Kristin P. Bennett and Colin Campbell},
	Journal = {SIGKDD Explorations},
	Owner = {pedroborges},
	Pages = {2000},
	Timestamp = {2014.02.11},
	Title = {Support Vector Machines: Hype or Hallelujah?},
	Volume = {2},
	Year = {2003}}

@misc{Bensch_self-learningprediction,
	Author = {Michael Bensch and Dominik Brugger and Wolfgang Rosenstiel and Martin Bogdan and Wilhelm Spruth and Peter Baeuerle},
	Title = {SELF-LEARNING PREDICTION SYSTEM FOR OPTIMISATION OF WORKLOAD MANAGEMENT IN A MAINFRAME OPERATING SYSTEM},
	Year = {2007}}

@article{DBLP:journals/corr/abs-1007-0085,
	Author = {Nitin Bhatia and Vandana},
	Bibsource = {DBLP, http://dblp.uni-trier.de},
	Ee = {http://arxiv.org/abs/1007.0085},
	Journal = {CoRR},
	Owner = {pedroborges},
	Timestamp = {2014.02.11},
	Title = {Survey of Nearest Neighbor Techniques},
	Volume = {abs/1007.0085},
	Year = {2010}}

@inproceedings{Bilenko:2011:PCP:2020408.2020475,
	Acmid = {2020475},
	Address = {New York, NY, USA},
	Author = {Bilenko, Mikhail and Richardson, Matthew},
	Booktitle = {Proceedings of the 17th ACM SIGKDD International Conference on Knowledge Discovery and Data Mining},
	Doi = {10.1145/2020408.2020475},
	File = {:/Volumes/Macintosh_HD/Users/pedroborges/dev/dis/research/Online ad prediction/download-6.pdf:PDF},
	Isbn = {978-1-4503-0813-7},
	Keywords = {client-side personalization, online advertising},
	Location = {San Diego, California, USA},
	Numpages = {9},
	Pages = {413--421},
	Publisher = {ACM},
	Series = {KDD '11},
	Title = {Predictive Client-side Profiles for Personalized Advertising},
	Url = {http://doi.acm.org/10.1145/2020408.2020475},
	Year = {2011},
	Bdsk-Url-1 = {http://doi.acm.org/10.1145/2020408.2020475},
	Bdsk-Url-2 = {http://dx.doi.org/10.1145/2020408.2020475}}

@article{raey,
	Author = {Breiman, Leo},
	Doi = {10.1023/A:1010933404324},
	Issn = {0885-6125},
	Journal = {Machine Learning},
	Keywords = {classification; regression; ensemble},
	Language = {English},
	Number = {1},
	Owner = {pedroborges},
	Pages = {5-32},
	Publisher = {Kluwer Academic Publishers},
	Timestamp = {2014.02.11},
	Title = {Random Forests},
	Url = {http://dx.doi.org/10.1023/A%3A1010933404324},
	Volume = {45},
	Year = {2001},
	Bdsk-Url-1 = {http://dx.doi.org/10.1023/A%3A1010933404324},
	Bdsk-Url-2 = {http://dx.doi.org/10.1023/A:1010933404324}}

@article{KER:70953,
	Author = {BRESLOW,LEONARD A. and AHA,DAVID W.},
	Doi = {null},
	Issn = {1469-8005},
	Issue = {01},
	Journal = {The Knowledge Engineering Review},
	Month = {1},
	Numpages = {40},
	Owner = {pedroborges},
	Pages = {1--40},
	Timestamp = {2014.02.11},
	Title = {Simplifying decision trees: A survey},
	Url = {http://journals.cambridge.org/article_S0269888997000015},
	Volume = {12},
	Year = {1997},
	Bdsk-Url-1 = {http://journals.cambridge.org/article_S0269888997000015},
	Bdsk-Url-2 = {http://dx.doi.org/null}}

@article{Buchbinder20141,
	Author = {Buchbinder, N. and Feldman, M. and Ghosh, A. and Naor, J.},
	Document_Type = {Article in Press},
	Journal = {Journal of Scheduling},
	Note = {Article in Press},
	Owner = {pedroborges},
	Pages = {1-14},
	Source = {Scopus},
	Timestamp = {2014.02.10},
	Title = {Frequency capping in online advertising},
	Url = {http://www.scopus.com/inward/record.url?eid=2-s2.0-84892589406&partnerID=40&md5=57fb6e46de3759f3605fdd8c979b096e},
	Year = {2014},
	Bdsk-Url-1 = {http://www.scopus.com/inward/record.url?eid=2-s2.0-84892589406&partnerID=40&md5=57fb6e46de3759f3605fdd8c979b096e}}

@article{chapelle2013simple,
	Author = {Olivier Chapelle and Eren Manavoglu Microsoft and Romer Rosales Linkedin},
	File = {:/Volumes/Macintosh_HD/Users/pedroborges/dev/dis/research/Online ad prediction/TISTRespPredAds.pdf:PDF},
	Publisher = {Citeseer},
	Title = {A Simple and scalable response prediction for display advertising},
	Year = {2013}}

@inproceedings{Cortes95support-vectornetworks,
	Author = {Corinna Cortes and Vladimir Vapnik},
	Booktitle = {Machine Learning},
	Owner = {pedroborges},
	Pages = {273--297},
	Timestamp = {2014.02.11},
	Title = {Support-Vector Networks},
	Year = {1995}}

@article{Crammer:2002:AIM:944790.944813,
	Acmid = {944813},
	Author = {Crammer, Koby and Singer, Yoram},
	Issn = {1532-4435},
	Issue_Date = {3/1/2002},
	Journal = {J. Mach. Learn. Res.},
	Month = mar,
	Numpages = {28},
	Owner = {pedroborges},
	Pages = {265--292},
	Publisher = {JMLR.org},
	Timestamp = {2014.02.11},
	Title = {On the Algorithmic Implementation of Multiclass Kernel-based Vector Machines},
	Url = {http://dl.acm.org/citation.cfm?id=944790.944813},
	Volume = {2},
	Year = {2002},
	Bdsk-Url-1 = {http://dl.acm.org/citation.cfm?id=944790.944813}}

@inproceedings{Fayyad96knowledgediscovery,
	Author = {Usama Fayyad and Usama Fayyad and Gregory Piatetsky-shapiro and Gregory Piatetsky-shapiro and Padhraic Smyth and Padhraic Smyth},
	Pages = {82--88},
	Publisher = {AAAI Press},
	Title = {Knowledge Discovery and Data Mining: Towards a Unifying Framework},
	Year = {1996}}

@incollection{Frias-Martinez2003,
	Author = {Fr{\'\i}as-Mart{\'\i}nez, Enrique and Karamcheti, Vijay},
	Booktitle = {WEBKDD 2002 - Mining Web Data for Discovering Usage Patterns and Profiles},
	Doi = {10.1007/978-3-540-39663-5_5},
	Editor = {Za{\"\i}ane, OsmarR. and Srivastava, Jaideep and Spiliopoulou, Myra and Masand, Brij},
	Isbn = {978-3-540-20304-9},
	Owner = {pedroborges},
	Pages = {66-85},
	Publisher = {Springer Berlin Heidelberg},
	Series = {Lecture Notes in Computer Science},
	Timestamp = {2014.02.17},
	Title = {A Customizable Behavior Model for Temporal Prediction of Web User Sequences},
	Url = {http://dx.doi.org/10.1007/978-3-540-39663-5_5},
	Volume = {2703},
	Year = {2003},
	Bdsk-Url-1 = {http://dx.doi.org/10.1007/978-3-540-39663-5_5}}

@article{Gern201230,
	Author = {Gern, J.},
	Document_Type = {Article},
	Journal = {EContent},
	Number = {7},
	Owner = {pedroborges},
	Pages = {30-31},
	Source = {Scopus},
	Timestamp = {2014.02.10},
	Title = {A guide to digital advertising: Making sense of the Ad networks, management tools, and Ad-serving solutions},
	Url = {http://www.scopus.com/inward/record.url?eid=2-s2.0-84867549059&partnerID=40&md5=473ad78472c0c231c0067b51f6cffc95},
	Volume = {35},
	Year = {2012},
	Bdsk-Url-1 = {http://www.scopus.com/inward/record.url?eid=2-s2.0-84867549059&partnerID=40&md5=473ad78472c0c231c0067b51f6cffc95}}

@inproceedings{Gery:2003:EWU:956699.956716,
	Acmid = {956716},
	Address = {New York, NY, USA},
	Author = {G{\'e}ry, Mathias and Haddad, Hatem},
	Booktitle = {Proceedings of the 5th ACM International Workshop on Web Information and Data Management},
	Doi = {10.1145/956699.956716},
	Isbn = {1-58113-725-7},
	Keywords = {association rules, evaluation, frequent generalised sequences, frequent sequences, web usage mining},
	Location = {New Orleans, Louisiana, USA},
	Numpages = {8},
	Owner = {pedroborges},
	Pages = {74--81},
	Publisher = {ACM},
	Series = {WIDM '03},
	Timestamp = {2014.02.17},
	Title = {Evaluation of Web Usage Mining Approaches for User's Next Request Prediction},
	Url = {http://doi.acm.org/10.1145/956699.956716},
	Year = {2003},
	Bdsk-Url-1 = {http://doi.acm.org/10.1145/956699.956716},
	Bdsk-Url-2 = {http://dx.doi.org/10.1145/956699.956716}}

@article{doi:10.1080/10641734.2008.10505236,
	Author = {Ha, Louisa},
	Doi = {10.1080/10641734.2008.10505236},
	Eprint = {http://www.tandfonline.com/doi/pdf/10.1080/10641734.2008.10505236},
	Journal = {Journal of Current Issues \& Research in Advertising},
	Number = {1},
	Owner = {pedroborges},
	Pages = {31-48},
	Timestamp = {2014.02.10},
	Title = {Online Advertising Research in Advertising Journals: A Review},
	Url = {http://www.tandfonline.com/doi/abs/10.1080/10641734.2008.10505236},
	Volume = {30},
	Year = {2008},
	Bdsk-Url-1 = {http://www.tandfonline.com/doi/abs/10.1080/10641734.2008.10505236},
	Bdsk-Url-2 = {http://dx.doi.org/10.1080/10641734.2008.10505236}}

@book{HanKam06,
	Added-At = {2009-02-28T21:01:39.000+0100},
	Asin = {1558609016},
	Author = {Han, Jiawei and Kamber, Micheline},
	Biburl = {http://www.bibsonomy.org/bibtex/276fe21988dd689f6f50b57f9bdd173c9/tfalk},
	Description = {Amazon.de: Data Mining. Concepts and Techniques (Morgan Kaufmann Series in Data Management Systems): Concepts and Techniques (Morgan Kaufmann Series in Data ... Kaufmann Series in Data Management Systems): Jiawei Han, Micheline Kamber: Englische B{\"u}cher},
	Dewey = {005.741},
	Ean = {9781558609013},
	Edition = {2nd ed.},
	Interhash = {9ad2758c79cf179ea2a2d0a8fb783095},
	Intrahash = {76fe21988dd689f6f50b57f9bdd173c9},
	Isbn = {1558609016},
	Keywords = {data_mining_textbook},
	Publisher = {Morgan Kaufmann},
	Timestamp = {2009-02-28T21:01:39.000+0100},
	Title = {Data Mining. Concepts and Techniques},
	Url = {http://www.amazon.de/Mining-Concepts-Techniques-Kaufmann-Management/dp/1558609016%3FSubscriptionId%3D13CT5CVB80YFWJEPWS02%26tag%3Dws%26linkCode%3Dxm2%26camp%3D2025%26creative%3D165953%26creativeASIN%3D1558609016},
	Year = {2006},
	Bdsk-Url-1 = {http://www.amazon.de/Mining-Concepts-Techniques-Kaufmann-Management/dp/1558609016%3FSubscriptionId%3D13CT5CVB80YFWJEPWS02%26tag%3Dws%26linkCode%3Dxm2%26camp%3D2025%26creative%3D165953%26creativeASIN%3D1558609016}}

@article{Hyafil197615,
	Author = {Laurent Hyafil and Ronald L. Rivest},
	Doi = {http://dx.doi.org/10.1016/0020-0190(76)90095-8},
	Issn = {0020-0190},
	Journal = {Information Processing Letters},
	Keywords = {Binary decision trees},
	Number = {1},
	Owner = {pedroborges},
	Pages = {15 - 17},
	Timestamp = {2014.02.11},
	Title = {Constructing optimal binary decision trees is NP-complete},
	Url = {http://www.sciencedirect.com/science/article/pii/0020019076900958},
	Volume = {5},
	Year = {1976},
	Bdsk-Url-1 = {http://www.sciencedirect.com/science/article/pii/0020019076900958},
	Bdsk-Url-2 = {http://dx.doi.org/10.1016/0020-0190(76)90095-8}}

@inproceedings{Ihaka98r:past,
	Author = {R Ihaka},
	Owner = {pedroborges},
	Timestamp = {2014.02.11},
	Title = {R: past and future history.},
	Year = {1998}}

@inproceedings{4631852,
	Author = {Jalali, M. and Mustapha, N. and Mamat, A. and Sulaiman, N.B.},
	Booktitle = {Information Technology, 2008. ITSim 2008. International Symposium on},
	Doi = {10.1109/ITSIM.2008.4631852},
	Keywords = {Computer science;Data mining;File servers;Information analysis;Internet;Navigation;Predictive models;Service oriented architecture;Web pages;Web server},
	Month = {Aug},
	Pages = {1-7},
	Title = {A new classification model for online predicting users' future movements},
	Bdsk-Url-1 = {http://dx.doi.org/10.1109/ITSIM.2008.4631852}}

@article{Jalali20106201,
	Author = {Mehrdad Jalali and Norwati Mustapha and Md. Nasir Sulaiman and Ali Mamat},
	Doi = {http://dx.doi.org/10.1016/j.eswa.2010.02.105},
	Issn = {0957-4174},
	Journal = {Expert Systems with Applications},
	Keywords = {Web usage mining},
	Number = {9},
	Owner = {pedroborges},
	Pages = {6201 - 6212},
	Timestamp = {2014.02.17},
	Title = {WebPUM: A Web-based recommendation system to predict user future movements},
	Url = {http://www.sciencedirect.com/science/article/pii/S0957417410001442},
	Volume = {37},
	Year = {2010},
	Bdsk-Url-1 = {http://www.sciencedirect.com/science/article/pii/S0957417410001442},
	Bdsk-Url-2 = {http://dx.doi.org/10.1016/j.eswa.2010.02.105}}

@inproceedings{Jan:2007:WUB:1353862.1353874,
	Acmid = {1353874},
	Address = {Stevens Point, Wisconsin, USA},
	Author = {Jan, Nien-Yi and Lin, Nancy P.},
	Booktitle = {Proceedings of the 7th WSEAS International Conference on Simulation, Modelling and Optimization},
	Isbn = {978-960-6766-07-7},
	Keywords = {prediction system, trend similarity, web mining},
	Location = {Beijing, China},
	Numpages = {6},
	Owner = {pedroborges},
	Pages = {69--74},
	Publisher = {World Scientific and Engineering Academy and Society (WSEAS)},
	Series = {SMO'07},
	Timestamp = {2014.02.17},
	Title = {Web User Behaviors Prediction System Using Trend Similarity},
	Url = {http://dl.acm.org/citation.cfm?id=1353862.1353874},
	Year = {2007},
	Bdsk-Url-1 = {http://dl.acm.org/citation.cfm?id=1353862.1353874}}

@misc{kOA,
	Author = {kOA},
	Date-Modified = {2014-06-19 19:57:45 +0000},
	Howpublished = {{\url{http://www.knowonlineadvertising.com/facts-about-online-advertising/basic-terms-in-advertising/}}},
	Note = {Accessed last time on 9 Fev 2014},
	Owner = {pedroborges},
	Timestamp = {2014.02.05},
	Title = {Basic Terms in Advertising}}

@misc{kOA2,
	Author = {kOA},
	Date-Modified = {2014-06-19 19:58:32 +0000},
	Howpublished = {{\url{http://www.knowonlineadvertising.com/facts-about-online-advertising/common-sizes-of-ads/}}},
	Note = {Accessed last time on 9 Fev 2014},
	Owner = {pedroborges},
	Timestamp = {2014.02.05},
	Title = {Standard Ad Sizes}}

@misc{kOA3,
	Author = {kOA},
	Date-Modified = {2014-06-19 19:58:01 +0000},
	Howpublished = {{\url{http://www.knowonlineadvertising.com/facts-about-online-advertising/different-products-in-online-adv/}}},
	Note = {Accessed last time on 9 Fev 2014},
	Owner = {pedroborges},
	Timestamp = {2014.02.05},
	Title = {Different Products in Online Adv.}}

@article{DBLP:journals/corr/abs-1205-1117,
	Author = {T. Soni Madhulatha},
	Bibsource = {DBLP, http://dblp.uni-trier.de},
	Ee = {http://arxiv.org/abs/1205.1117},
	Journal = {CoRR},
	Owner = {pedroborges},
	Timestamp = {2014.02.11},
	Title = {An Overview on Clustering Methods},
	Volume = {abs/1205.1117},
	Year = {2012}}

@inproceedings{McMahan:2013:ACP:2487575.2488200,
	Acmid = {2488200},
	Address = {New York, NY, USA},
	Author = {McMahan, H. Brendan and Holt, Gary and Sculley, D. and Young, Michael and Ebner, Dietmar and Grady, Julian and Nie, Lan and Phillips, Todd and Davydov, Eugene and Golovin, Daniel and Chikkerur, Sharat and Liu, Dan and Wattenberg, Martin and Hrafnkelsson, Arnar Mar and Boulos, Tom and Kubica, Jeremy},
	Booktitle = {Proceedings of the 19th ACM SIGKDD International Conference on Knowledge Discovery and Data Mining},
	Doi = {10.1145/2487575.2488200},
	File = {:/Volumes/Macintosh_HD/Users/pedroborges/dev/dis/research/Online ad prediction/p1222-mcmahan.pdf:PDF},
	Isbn = {978-1-4503-2174-7},
	Keywords = {data mining, large-scale learning, online advertising},
	Location = {Chicago, Illinois, USA},
	Numpages = {9},
	Pages = {1222--1230},
	Publisher = {ACM},
	Series = {KDD '13},
	Title = {Ad Click Prediction: A View from the Trenches},
	Url = {http://doi.acm.org/10.1145/2487575.2488200},
	Year = {2013},
	Bdsk-Url-1 = {http://doi.acm.org/10.1145/2487575.2488200},
	Bdsk-Url-2 = {http://dx.doi.org/10.1145/2487575.2488200}}

@article{955110,
	Author = {McNames, James},
	Doi = {10.1109/34.955110},
	Issn = {0162-8828},
	Journal = {Pattern Analysis and Machine Intelligence, IEEE Transactions on},
	Keywords = {encoding;pattern recognition;principal component analysis;time series;tree searching;vector quantisation;depth-first search;elimination criterion;image vector quantization;nearest-neighbor algorithm;principal axis trees;principal component analysis;search tree;time series;vector quantisation;Character recognition;Computational efficiency;Encoding;Function approximation;Nearest neighbor searches;Optical character recognition software;Partitioning algorithms;Pattern recognition;Principal component analysis;Vector quantization},
	Month = {Sep},
	Number = {9},
	Owner = {pedroborges},
	Pages = {964-976},
	Timestamp = {2014.02.11},
	Title = {A fast nearest-neighbor algorithm based on a principal axis search tree},
	Volume = {23},
	Year = {2001},
	Bdsk-Url-1 = {http://dx.doi.org/10.1109/34.955110}}

@misc{Nanopoulos01effectiveprediction,
	Author = {Alexandros Nanopoulos and Dimitris Katsaros and Yannis Manolopoulos},
	File = {:/Volumes/Macintosh_HD/Users/pedroborges/Downloads/nanopoulos.pdf:PDF},
	Title = {Effective Prediction of Web-user Accesses: A Data Mining Approach},
	Year = {2001}}

@inproceedings{nath2013ad,
	Author = {Nath, Abhirup and Mukherjee, Shibnath and Jain, Prateek and Goyal, Navin and Laxman, Srivatsan},
	Booktitle = {Proceedings of the 22nd international conference on World Wide Web},
	Organization = {International World Wide Web Conferences Steering Committee},
	Pages = {943--952},
	Title = {Ad impression forecasting for sponsored search},
	Year = {2013}}

@inproceedings{Nigam99usingmaximum,
	Author = {Kamal Nigam},
	Booktitle = {In IJCAI-99 Workshop on Machine Learning for Information Filtering},
	Pages = {61--67},
	Title = {Using maximum entropy for text classification},
	Year = {1999}}

@article{citeulike:989242,
	Abstract = {Support vector machines ({SVMs}) are becoming popular in a wide variety
	of biological applications. But, what exactly are {SVMs} and how
	do they work? And what are their most promising applications in the
	life sciences?},
	Author = {Noble, William S.},
	Citeulike-Article-Id = {989242},
	Citeulike-Linkout-0 = {http://dx.doi.org/10.1038/nbt1206-1565},
	Citeulike-Linkout-1 = {http://dx.doi.org/10.1038/nbt1206-1565},
	Citeulike-Linkout-2 = {http://view.ncbi.nlm.nih.gov/pubmed/17160063},
	Citeulike-Linkout-3 = {http://www.hubmed.org/display.cgi?uids=17160063},
	Day = {01},
	Doi = {10.1038/nbt1206-1565},
	Issn = {1087-0156},
	Journal = {Nature Biotechnology},
	Keywords = {svm, tutorial},
	Month = dec,
	Number = {12},
	Owner = {pedroborges},
	Pages = {1565--1567},
	Pmid = {17160063},
	Posted-At = {2009-04-30 16:59:05},
	Priority = {2},
	Publisher = {Nature Publishing Group},
	Timestamp = {2014.02.11},
	Title = {What is a support vector machine?},
	Url = {http://dx.doi.org/10.1038/nbt1206-1565},
	Volume = {24},
	Year = {2006},
	Bdsk-Url-1 = {http://dx.doi.org/10.1038/nbt1206-1565}}

@misc{Performics,
	Author = {DoubleClick Performics},
	Date-Modified = {2014-06-19 19:58:12 +0000},
	Howpublished = {{\url{http://www.swissmediatool.ch/_files/researchDB/228.pdf}}},
	Note = {Accessed last time on 10 Fev 2014},
	Owner = {pedroborges},
	Timestamp = {2014.02.05},
	Title = {Q1 2007 Search Trend Report}}

@misc{PricewaterhouseCoopers2013,
	Author = {PricewaterhouseCoopers, I.A.B.},
	Date-Modified = {2014-06-19 19:56:38 +0000},
	Howpublished = {{\url{http://www.iab.net/media/file/IAB_Internet_Advertising_Revenue_Report_FY_2012_rev.pdf}}},
	Month = {April},
	Note = {Accessed last time on 9 Fev 2014},
	Owner = {pedroborges},
	Timestamp = {2014.02.05},
	Title = {IAB internet advertising revenue report, 2012 full year results},
	Year = {2013}}

@misc{PricewaterhouseCoopers2013a,
	Author = {PricewaterhouseCoopers, I.A.B.},
	Date-Modified = {2014-06-19 19:58:23 +0000},
	Howpublished = {{\url{http://www.iab.net/about_the_iab/recent_press_releases/press_release_archive/press_release/pr-122313}}},
	Month = {December},
	Note = {Accessed last time on 9 Fev 2014},
	Owner = {pedroborges},
	Timestamp = {2014.02.05},
	Title = {Q3 2013 Internet Advertising Revenues Climb To Landmark High Of Nearly \$10.7 Billion, Marking 15\% Year-Over-Year Growth},
	Year = {2013}}

@article{sasaki2007truth,
	Author = {Sasaki, Yutaka},
	Journal = {Teaching, Tutorial materials, Version: 26th October},
	Title = {The truth of the F-measure},
	Year = {2007}}

@article{Schibrowsky2007722,
	Author = {Schibrowsky, J.A. and Peltier, J.W. and Nill, A.},
	Document_Type = {Review},
	Journal = {European Journal of Marketing},
	Note = {cited By (since 1996)33},
	Number = {7-8},
	Owner = {pedroborges},
	Pages = {722-733},
	Source = {Scopus},
	Timestamp = {2014.02.10},
	Title = {The state of internet marketing research: A review of the literature and future research directions},
	Url = {http://www.scopus.com/inward/record.url?eid=2-s2.0-34547193672&partnerID=40&md5=5c8141c420057097ff33c1c2a8e2c21a},
	Volume = {41},
	Year = {2007},
	Bdsk-Url-1 = {http://www.scopus.com/inward/record.url?eid=2-s2.0-34547193672&partnerID=40&md5=5c8141c420057097ff33c1c2a8e2c21a}}

@article{Sproull1991,
	Author = {Sproull, RobertF.},
	Doi = {10.1007/BF01759061},
	Issn = {0178-4617},
	Journal = {Algorithmica},
	Keywords = {k-dimensional tree; Searching; Nearest-neighbor search},
	Language = {English},
	Number = {1-6},
	Owner = {pedroborges},
	Pages = {579-589},
	Publisher = {Springer-Verlag},
	Timestamp = {2014.02.11},
	Title = {Refinements to nearest-neighbor searching ink-dimensional trees},
	Url = {http://dx.doi.org/10.1007/BF01759061},
	Volume = {6},
	Year = {1991},
	Bdsk-Url-1 = {http://dx.doi.org/10.1007/BF01759061}}

@inproceedings{Tagami:2013:CPC:2501040.2501978,
	Acmid = {2501978},
	Address = {New York, NY, USA},
	Articleno = {4},
	Author = {Tagami, Yukihiro and Ono, Shingo and Yamamoto, Koji and Tsukamoto, Koji and Tajima, Akira},
	Booktitle = {Proceedings of the Seventh International Workshop on Data Mining for Online Advertising},
	Doi = {10.1145/2501040.2501978},
	File = {:/Volumes/Macintosh_HD/Users/pedroborges/dev/dis/research/Online ad prediction/a4-tagami.pdf:PDF},
	Isbn = {978-1-4503-2323-9},
	Keywords = {click-through rate prediction, contextual advertising, learning-to-rank},
	Location = {Chicago, Illinois},
	Numpages = {8},
	Pages = {4:1--4:8},
	Publisher = {ACM},
	Series = {ADKDD '13},
	Title = {CTR Prediction for Contextual Advertising: Learning-to-rank Approach},
	Url = {http://doi.acm.org/10.1145/2501040.2501978},
	Year = {2013},
	Bdsk-Url-1 = {http://doi.acm.org/10.1145/2501040.2501978},
	Bdsk-Url-2 = {http://dx.doi.org/10.1145/2501040.2501978}}

@article{UjwalaPatil,
	Author = {Ujwala Patil, Sachin Pardeshi},
	Dcr_Pdf_Hash = {3C77FCFC50CC7C3F70B873BFB474152244806F226CFD11C2BFE38EF1240E05F},
	File = {:/Volumes/Macintosh_HD/Users/pedroborges/Downloads/IJETAE_0312_20.pdf:PDF},
	Journal = {International Journal of Emerging Technology and Advanced Engineering (ISSN 2250-2459, Volume 2, Issue 3, March 2012)},
	Owner = {pedroborges},
	Timestamp = {2014.02.17},
	Title = {A Survey on User Future Request Prediction: Web Usage Mining},
	Volume = {2},
	Year = {2012}}

@book{Witten:2005:DMP:1205860,
	Address = {San Francisco, CA, USA},
	Author = {Witten, Ian H. and Frank, Eibe},
	Isbn = {0120884070},
	Publisher = {Morgan Kaufmann Publishers Inc.},
	Title = {Data Mining: Practical Machine Learning Tools and Techniques, Second Edition (Morgan Kaufmann Series in Data Management Systems)},
	Year = {2005}}

@article{Yuan2010,
	Author = {Yuan, Ruixi and Li, Zhu and Guan, Xiaohong and Xu, Li},
	Doi = {10.1007/s10796-008-9131-2},
	Issn = {1387-3326},
	Journal = {Information Systems Frontiers},
	Keywords = {Internet traffic; Network traffic classification; Machine learning; Feature selection; SVM},
	Language = {English},
	Number = {2},
	Owner = {pedroborges},
	Pages = {149-156},
	Publisher = {Springer US},
	Timestamp = {2014.02.11},
	Title = {An SVM-based machine learning method for accurate internet traffic classification},
	Url = {http://dx.doi.org/10.1007/s10796-008-9131-2},
	Volume = {12},
	Year = {2010},
	Bdsk-Url-1 = {http://dx.doi.org/10.1007/s10796-008-9131-2}}

@inproceedings{Yuan:2013:RBO:2501040.2501980,
	Acmid = {2501980},
	Address = {New York, NY, USA},
	Articleno = {3},
	Author = {Yuan, Shuai and Wang, Jun and Zhao, Xiaoxue},
	Booktitle = {Proceedings of the Seventh International Workshop on Data Mining for Online Advertising},
	Doi = {10.1145/2501040.2501980},
	Isbn = {978-1-4503-2323-9},
	Keywords = {bidding behaviours, computational advertising, conversion optimisation, real-time bidding},
	Location = {Chicago, Illinois},
	Numpages = {8},
	Owner = {pedroborges},
	Pages = {3:1--3:8},
	Publisher = {ACM},
	Series = {ADKDD '13},
	Timestamp = {2014.02.11},
	Title = {Real-time Bidding for Online Advertising: Measurement and Analysis},
	Url = {http://doi.acm.org/10.1145/2501040.2501980},
	Year = {2013},
	Bdsk-Url-1 = {http://doi.acm.org/10.1145/2501040.2501980},
	Bdsk-Url-2 = {http://dx.doi.org/10.1145/2501040.2501980}}

@article{journals/jcp/ZhouLX09,
	Added-At = {2011-09-02T00:00:00.000+0200},
	Author = {Zhou, Yong and Li, Youwen and Xia, Shixiong},
	Biburl = {http://www.bibsonomy.org/bibtex/2dd76f1fb2941053a083cc7ba2ec5f3d4/dblp},
	Ee = {http://dx.doi.org/10.4304/jcp.4.3.230-237},
	Interhash = {bdc26b1608ce8aef4369f7e70cefcf39},
	Intrahash = {dd76f1fb2941053a083cc7ba2ec5f3d4},
	Journal = {JCP},
	Keywords = {dblp},
	Number = {3},
	Owner = {pedroborges},
	Pages = {230-237},
	Timestamp = {2011-09-02T00:00:00.000+0200},
	Title = {An Improved KNN Text Classification Algorithm Based on Clustering.},
	Url = {http://dblp.uni-trier.de/db/journals/jcp/jcp4.html#ZhouLX09},
	Volume = {4},
	Year = {2009},
	Bdsk-Url-1 = {http://dblp.uni-trier.de/db/journals/jcp/jcp4.html#ZhouLX09}}
