%bibtex entries 

@misc{PricewaterhouseCoopers2013,
	Author = {PricewaterhouseCoopers, I.A.B.},
	Date-Modified = {2014-06-19 19:56:38 +0000},
	Howpublished = {{\url{http://www.iab.net/media/file/IAB_Internet_Advertising_Revenue_Report_FY_2012_rev.pdf}}},
	Month = {April},
	Note = {Accessed last time on 9 Fev 2014},
	Owner = {pedroborges},
	Timestamp = {2014.02.05},
	Title = {IAB internet advertising revenue report, 2012 full year results},
	Year = {2013}}

@misc{PricewaterhouseCoopers2013a,
	Author = {PricewaterhouseCoopers, I.A.B.},
	Date-Modified = {2014-06-19 19:58:23 +0000},
	Howpublished = {{\url{http://www.iab.net/about_the_iab/recent_press_releases/press_release_archive/press_release/pr-122313}}},
	Month = {December},
	Note = {Accessed last time on 9 Fev 2014},
	Owner = {pedroborges},
	Timestamp = {2014.02.05},
	Title = {Q3 2013 Internet Advertising Revenues Climb To Landmark High Of Nearly \$10.7 Billion, Marking 15\% Year-Over-Year Growth},
	Year = {2013}}


